<?xml version="1.0" encoding="UTF-8"?><collection xmlns="http://www.loc.gov/MARC21/slim"><record><leader>00335nam--2200121-i-4500</leader><controlfield tag="001">000018280</controlfield><controlfield tag="002">20161230</controlfield><controlfield tag="005">20161230201032</controlfield><controlfield tag="008">060222s1000------------r-----000-0-eng-d</controlfield><datafield ind1=" " ind2=" " tag="100"><subfield code="a">Constantinescu, I</subfield></datafield><datafield ind1=" " ind2=" " tag="245"><subfield code="a">Transmisii electromagnetice.editia 1</subfield></datafield><datafield ind1=" " ind2=" " tag="260"><subfield code="a">Bucuresti, Coop.De Editura A Politehn., 1948. 432 P., 130 Fig</subfield></datafield><datafield ind1=" " ind2=" " tag="852"><subfield code="a">6514</subfield></datafield></record></collection>